<?xml version="1.0" encoding="UTF-8"?><collection xmlns="http://www.loc.gov/MARC21/slim"><record><leader>00490nam--2200181-i-4500</leader><controlfield tag="001">000012126</controlfield><controlfield tag="002">20161230</controlfield><controlfield tag="005">20161230201029</controlfield><controlfield tag="008">060222s1000------------r-----000-0-fre-d</controlfield><datafield ind1=" " ind2=" " tag="040"><subfield code="a">IFIN-HH</subfield></datafield><datafield ind1=" " ind2=" " tag="041"><subfield code="a">fre</subfield></datafield><datafield ind1=" " ind2=" " tag="080"><subfield code="a">514.01:514.162</subfield></datafield><datafield ind1="1" ind2=" " tag="100"><subfield code="a">Borel, Emile</subfield></datafield><datafield ind1="1" ind2="0" tag="245"><subfield code="a">Introduction geometrique a quelques theories physiques</subfield><subfield code="c">Emile borel</subfield></datafield><datafield ind1=" " ind2=" " tag="260"><subfield code="a">Paris</subfield><subfield code="b">Gauthier-villars, Imprimeur-libraire</subfield><subfield code="c">1914</subfield></datafield><datafield ind1=" " ind2=" " tag="300"><subfield code="a">137 P</subfield></datafield><datafield ind1=" " ind2=" " tag="852"><subfield code="a">44648</subfield><subfield code="c">H.H</subfield></datafield><datafield ind1=" " ind2=" " tag="CAT"><subfield code="a">Sys</subfield><subfield code="c">20130416</subfield><subfield code="h">155430</subfield></datafield></record></collection>